@ONLINE{Doe:2009:Online,
author = {Disc Interchange Service Company, Inc.},
title = {COBOL Comp-3 (Computational-3) Packed Fields: What they are. - A Disc Interchange technical article},
month = dec,
year = {2013},
url = {http://www.3480-3590-data-conversion.com/article-packed-fields.html}
}



